<?xml version="1.0" encoding="UTF-8"?><collection xmlns="http://www.loc.gov/MARC21/slim"><record><leader>00385nam--2200133-i-4500</leader><controlfield tag="001">000018232</controlfield><controlfield tag="002">20161230</controlfield><controlfield tag="005">20161230201032</controlfield><controlfield tag="008">060222s1000------------r-----000-0-eng-d</controlfield><datafield ind1=" " ind2=" " tag="080"><subfield code="a">621.385.1.032.11</subfield></datafield><datafield ind1=" " ind2=" " tag="100"><subfield code="a">Eastman, Austin V</subfield></datafield><datafield ind1=" " ind2=" " tag="245"><subfield code="a">Fundamentals of vacuum tubes.third edition. second impression</subfield></datafield><datafield ind1=" " ind2=" " tag="260"><subfield code="a">New York, Mcgraw-hill Book Company, 1949. Xxi + 644 P</subfield></datafield><datafield ind1=" " ind2=" " tag="852"><subfield code="a">2049</subfield></datafield></record></collection>